@Inbook{golumbic2021,
author="Golumbic, Martin Charles
and Sainte-Lagu{\"e}, Andr{\'e}",
title="IX Knight's tour",
bookTitle="The Zeroth Book of Graph Theory: An Annotated Translation of Les R{\'e}seaux (ou Graphes)---Andr{\'e} Sainte-Lagu{\"e} (1926) ",
year="2021",
publisher="Springer International Publishing",
address="Cham",
pages="71--76",
abstract="77. At each move, a knight jumps from an even (or white) cell to an odd (or black) cell or vice versa [67]. We deduce, as did Euler [208, 209], that in a closed knight's tour, the sum of the numbers in each row or column is even.",
isbn="978-3-030-61420-1",
doi="10.1007/978-3-030-61420-1_10",
url="https://doi.org/10.1007/978-3-030-61420-1_10"
}

